@article {FriIw1,
    AUTHOR = {Friedlander, John B. and Iwaniec, Henryk},
     TITLE = {The polynomial {$X^2+Y^4$} captures its primes},
   JOURNAL = {Ann. of Math. (2)},
  FJOURNAL = {Annals of Mathematics. Second Series},
    VOLUME = {148},
      YEAR = {1998},
    NUMBER = {3},
     PAGES = {945--1040},
      ISSN = {0003-486X,1939-8980},
   MRCLASS = {11N05 (11N32 11N35 11N36)},
  MRNUMBER = {1670065},
MRREVIEWER = {Andrew\ Granville},
       DOI = {10.2307/121034},
       URL = {https://doi.org/10.2307/121034},
}

@article {FriIw2,
    AUTHOR = {Friedlander, John B. and Iwaniec, Henryk},
     TITLE = {Asymptotic sieve for primes},
   JOURNAL = {Ann. of Math. (2)},
  FJOURNAL = {Annals of Mathematics. Second Series},
    VOLUME = {148},
      YEAR = {1998},
    NUMBER = {3},
     PAGES = {1041--1065},
      ISSN = {0003-486X,1939-8980},
   MRCLASS = {11N05 (11N32 11N35 11N36)},
  MRNUMBER = {1670069},
MRREVIEWER = {Andrew\ Granville},
       DOI = {10.2307/121035},
       URL = {https://doi.org/10.2307/121035},
}

@article {hb-moroz,
    AUTHOR = {Heath-Brown, D. R. and Moroz, B. Z.},
     TITLE = {Primes represented by binary cubic forms},
   JOURNAL = {Proc. London Math. Soc. (3)},
  FJOURNAL = {Proceedings of the London Mathematical Society. Third Series},
    VOLUME = {84},
      YEAR = {2002},
    NUMBER = {2},
     PAGES = {257--288},
      ISSN = {0024-6115,1460-244X},
   MRCLASS = {11N32 (11N36 11R44)},
  MRNUMBER = {1881392},
MRREVIEWER = {G.\ Greaves},
       DOI = {10.1112/plms/84.2.257},
       URL = {https://doi.org/10.1112/plms/84.2.257},
}


@article {GT12,
    AUTHOR = {Green, Ben and Tao, Terence},
     TITLE = {The quantitative behaviour of polynomial orbits on
              nilmanifolds},
   JOURNAL = {Ann. of Math. (2)},
  FJOURNAL = {Annals of Mathematics. Second Series},
    VOLUME = {175},
      YEAR = {2012},
    NUMBER = {2},
     PAGES = {465--540},
      ISSN = {0003-486X},
   MRCLASS = {37A15},
  MRNUMBER = {2877065},
MRREVIEWER = {Tamar Ziegler},
       DOI = {10.4007/annals.2012.175.2.2},
       URL = {https://doi.org/10.4007/annals.2012.175.2.2},
}

@article {chow-pomerance,
    AUTHOR = {Chow, Sam and Pomerance, Carl},
     TITLE = {Triangles with prime hypotenuse},
   JOURNAL = {Res. Number Theory},
  FJOURNAL = {Research in Number Theory},
    VOLUME = {3},
      YEAR = {2017},
     PAGES = {Paper No. 21, 10},
      ISSN = {2522-0160,2363-9555},
   MRCLASS = {11N25 (11N05 11N36)},
  MRNUMBER = {3709664},
MRREVIEWER = {D.\ R.\ Heath-Brown},
       DOI = {10.1007/s40993-017-0086-6},
       URL = {https://doi.org/10.1007/s40993-017-0086-6},
}

@article {FI97,
    AUTHOR = {Fouvry, {\'E}tienne and Iwaniec, Henryk},
     TITLE = {Gaussian primes},
   JOURNAL = {Acta Arith.},
  FJOURNAL = {Acta Arithmetica},
    VOLUME = {79},
      YEAR = {1997},
    NUMBER = {3},
     PAGES = {249--287},
      ISSN = {0065-1036,1730-6264},
   MRCLASS = {11N05 (11N32 11N35 11N36)},
  MRNUMBER = {1438827},
MRREVIEWER = {John\ B.\ Friedlander},
       DOI = {10.4064/aa-79-3-249-287},
       URL = {https://doi.org/10.4064/aa-79-3-249-287},
}

@misc{KKL24b,
  title={Corners with polynomial side length},
  author={Kravitz, Noah and Kuca, Borys and Leng, James},
  note={arXiv:2407.08637}
}

@book {Kuo19,
    AUTHOR = {Koukoulopoulos, Dimitris},
     TITLE = {The distribution of prime numbers},
    SERIES = {Graduate Studies in Mathematics},
    VOLUME = {203},
 PUBLISHER = {American Mathematical Society, Providence, RI},
      YEAR = {[2019] \copyright 2019},
     PAGES = {xii + 356},
      ISBN = {978-1-4704-4754-0; 978-1-4704-6285-7},
   MRCLASS = {11N05 (11-01 11M06 11N35 11N60)},
  MRNUMBER = {3971232},
MRREVIEWER = {Y.-F. S. P\'{e}termann},
       DOI = {10.1090/gsm/203},
       URL = {https://doi.org/10.1090/gsm/203},
}


@misc{PSS23,
  title={Effective bounds for {R}oth's theorem with shifted square common difference},
  author={Peluse, Sarah and Sah, Ashwin and Sawhney, Mehtaab},
  note = {arXiv:2309.08359}
}

@article {WZ93,
    AUTHOR = {Wolke, D. and Zhan, T.},
     TITLE = {On the distribution of integers with a fixed number of prime
              factors},
   JOURNAL = {Math. Z.},
  FJOURNAL = {Mathematische Zeitschrift},
    VOLUME = {213},
      YEAR = {1993},
    NUMBER = {1},
     PAGES = {133--144},
      ISSN = {0025-5874,1432-1823},
   MRCLASS = {11N25 (11N60)},
  MRNUMBER = {1217675},
MRREVIEWER = {G\'erald\ Tenenbaum},
       DOI = {10.1007/BF03025713},
       URL = {https://doi.org/10.1007/BF03025713},
}


@article {Pra20,
    AUTHOR = {Pratt, Kevin},
     TITLE = {Primes from sums of two squares and missing digits},
   JOURNAL = {Proc. Lond. Math. Soc. (3)},
  FJOURNAL = {Proceedings of the London Mathematical Society. Third Series},
    VOLUME = {120},
      YEAR = {2020},
    NUMBER = {6},
     PAGES = {770--830},
      ISSN = {0024-6115,1460-244X},
   MRCLASS = {11N05 (11A63 11N36)},
  MRNUMBER = {4037831},
MRREVIEWER = {Ping\ Xi},
       DOI = {10.1112/plms.12307},
       URL = {https://doi.org/10.1112/plms.12307},
}


@article {fogels-1,
    AUTHOR = {Fogels, Ernests},
     TITLE = {On the zeros of {H}ecke's {$L$}-functions. {I}},
   JOURNAL = {Acta Arith.},
  FJOURNAL = {Polska Akademia Nauk. Instytut Matematyczny. Acta Arithmetica},
    VOLUME = {7},
      YEAR = {1961/62},
     PAGES = {87--106},
      ISSN = {0065-1036},
   MRCLASS = {10.41},
  MRNUMBER = {136585},
MRREVIEWER = {R.\ D.\ James},
       DOI = {10.4064/aa-7-2-87-106},
       URL = {https://doi.org/10.4064/aa-7-2-87-106},
}

@article {fogels-2,
    AUTHOR = {Fogels, Ernests},
     TITLE = {On the zeros of {H}ecke's {$L$}-functions. {II}},
   JOURNAL = {Acta Arith.},
  FJOURNAL = {Polska Akademia Nauk. Instytut Matematyczny. Acta Arithmetica},
    VOLUME = {7},
      YEAR = {1961/62},
     PAGES = {131--147},
      ISSN = {0065-1036},
   MRCLASS = {10.41},
  MRNUMBER = {136585},
MRREVIEWER = {R.\ D.\ James},
       DOI = {10.4064/aa-7-2-87-106},
       URL = {https://doi.org/10.4064/aa-7-2-87-106},
}

@article {fogels-3,
    AUTHOR = {Fogels, Ernests},
     TITLE = {\"Uber die {A}usnahmenullstelle der {H}eckeschen
              {$L$}-{F}unktionen},
   JOURNAL = {Acta Arith.},
  FJOURNAL = {Polska Akademia Nauk. Instytut Matematyczny. Acta Arithmetica},
    VOLUME = {8},
      YEAR = {1962/63},
     PAGES = {307--309},
      ISSN = {0065-1036},
   MRCLASS = {10.41},
  MRNUMBER = {156823},
MRREVIEWER = {R.\ D.\ James},
       DOI = {10.4064/aa-8-3-307-309},
       URL = {https://doi.org/10.4064/aa-8-3-307-309},
}


@book {davenport-book,
    AUTHOR = {Davenport, Harold},
     TITLE = {Multiplicative number theory},
    SERIES = {Graduate Texts in Mathematics},
    VOLUME = {74},
   EDITION = {Third},
      NOTE = {Revised and with a preface by Hugh L. Montgomery},
 PUBLISHER = {Springer-Verlag, New York},
      YEAR = {2000},
     PAGES = {xiv+177},
      ISBN = {0-387-95097-4},
   MRCLASS = {11-02 (11-01 11Mxx 11Nxx)},
  MRNUMBER = {1790423},
}

@article {Mitsui,
    AUTHOR = {Mitsui, Takayoshi},
     TITLE = {Generalized prime number theorem},
   JOURNAL = {Jpn. J. Math.},
  FJOURNAL = {Japanese Journal of Mathematics},
    VOLUME = {26},
      YEAR = {1956},
     PAGES = {1--42},
      ISSN = {0075-3432},
   MRCLASS = {10.1X},
  MRNUMBER = {92814},
MRREVIEWER = {S.\ Chowla},
       DOI = {10.4099/jjm1924.26.0\_1},
       URL = {https://doi.org/10.4099/jjm1924.26.0_1},
}

@article {LSX20,
    AUTHOR = {Lam, P. C.-H. and Schindler, D. and Xiao, S.
              Yao},
     TITLE = {On prime values of binary quadratic forms with a thin
              variable},
   JOURNAL = {J. Lond. Math. Soc. (2)},
  FJOURNAL = {Journal of the London Mathematical Society. Second Series},
    VOLUME = {102},
      YEAR = {2020},
    NUMBER = {2},
     PAGES = {749--772},
      ISSN = {0024-6107,1469-7750},
   MRCLASS = {11N32 (11E16 11N05 11N35 11N36)},
  MRNUMBER = {4171433},
MRREVIEWER = {Tsz\ Ho\ Chan},
       DOI = {10.1112/jlms.12336},
       URL = {https://doi.org/10.1112/jlms.12336},
}

@article {HB88,
    AUTHOR = {Heath-Brown, D. R.},
     TITLE = {The number of primes in a short interval},
   JOURNAL = {J. Reine Angew. Math.},
  FJOURNAL = {Journal f\"ur die Reine und Angewandte Mathematik. [Crelle's
              Journal]},
    VOLUME = {389},
      YEAR = {1988},
     PAGES = {22--63},
      ISSN = {0075-4102,1435-5345},
   MRCLASS = {11N05 (11N35)},
  MRNUMBER = {953665},
MRREVIEWER = {R.\ C.\ Vaughan},
       DOI = {10.1515/crll.1988.389.22},
       URL = {https://doi.org/10.1515/crll.1988.389.22},
}

@misc{KKL24,
  title={Quantitative concatenation for polynomial box norms},
  author={Kravitz, Noah and Kuca, Borys and Leng, James},
  note={arXiv:2407.08636}
}

@misc{GS24,
  title={Corners in the {G}aussian primes},
  author={Green, Ben and Sawhney, Mehtaab},
  note={Forthcoming}
}


@article {weber,
    AUTHOR = {Weber, Heinrich M.},
     TITLE = {Beweis des Satzes, dass jede eigentlich primitive quadratische Form unendlich viele Primzahlen darzustellen f\"ahig ist},
   JOURNAL = {Math. Ann.},
FJOURNAL ={Mathematische Annalen},
    VOLUME = {20},
      YEAR = {1882},
     PAGES = {301--329},
DOI={10.1007/BF01443599}
}


@misc{LSS,
  title={Quasipolynomial bounds on the inverse theorem for the {G}owers ${U}^{s+1}[{N}]$-norm},
author = {Leng, James and Sah, Ashwin and Sawhney, Mehtaab},
note = {arXiv:2402.17994}
}

@misc{PP19,
  title={Quantitative bounds in the nonlinear {R}oth theorem},
  author={Peluse, Sarah and Prendiville, Sean},
  note={arXiv:1903.02592}
}

@article {GT12-orthog,
    AUTHOR = {Green, Ben and Tao, Terence},
     TITLE = {The {M}\"obius function is strongly orthogonal to
              nilsequences},
   JOURNAL = {Ann. of Math. (2)},
  FJOURNAL = {Annals of Mathematics. Second Series},
    VOLUME = {175},
      YEAR = {2012},
    NUMBER = {2},
     PAGES = {541--566},
      ISSN = {0003-486X,1939-8980},
   MRCLASS = {37A45 (11A25)},
  MRNUMBER = {2877066},
MRREVIEWER = {Tamar\ Ziegler},
       DOI = {10.4007/annals.2012.175.2.3},
       URL = {https://doi.org/10.4007/annals.2012.175.2.3},
}

@book {cox-book,
    AUTHOR = {Cox, David A.},
     TITLE = {Primes of the form {$x^2 + ny^2$}},
    SERIES = {A Wiley-Interscience Publication},
      NOTE = {Fermat, class field theory and complex multiplication},
 PUBLISHER = {John Wiley \& Sons, Inc., New York},
      YEAR = {1989},
     PAGES = {xiv+351},
      ISBN = {0-471-50654-0; 0-471-19079-9},
   MRCLASS = {11A41 (11F11 11R11 11R16 11R18 11R37 11Y11)},
  MRNUMBER = {1028322},
MRREVIEWER = {Andrew\ Bremner},
}

@article {GTZ12,
    AUTHOR = {Green, Ben and Tao, Terence and Ziegler, Tamar},
     TITLE = {An inverse theorem for the {G}owers {$U^{s+1}[N]$}-norm},
   JOURNAL = {Ann. of Math. (2)},
  FJOURNAL = {Annals of Mathematics. Second Series},
    VOLUME = {176},
      YEAR = {2012},
    NUMBER = {2},
     PAGES = {1231--1372},
      ISSN = {0003-486X,1939-8980},
   MRCLASS = {11B30},
  MRNUMBER = {2950773},
MRREVIEWER = {Julia\ Wolf},
       DOI = {10.4007/annals.2012.176.2.11},
       URL = {https://doi.org/10.4007/annals.2012.176.2.11},
}

@article {HL17,
    AUTHOR = {Heath-Brown, D. R. and Li, Xiannan},
     TITLE = {Prime values of {$a^2 + p^4$}},
   JOURNAL = {Invent. Math.},
  FJOURNAL = {Inventiones Mathematicae},
    VOLUME = {208},
      YEAR = {2017},
    NUMBER = {2},
     PAGES = {441--499},
      ISSN = {0020-9910,1432-1297},
   MRCLASS = {11M06 (11M26)},
  MRNUMBER = {3639597},
MRREVIEWER = {Xiumin\ Ren},
       DOI = {10.1007/s00222-016-0694-0},
       URL = {https://doi.org/10.1007/s00222-016-0694-0},
}


@article {DFI95,
    AUTHOR = {Duke, William and Friedlander, John B. and Iwaniec, Henryk},
     TITLE = {Equidistribution of roots of a quadratic congruence to prime
              moduli},
   JOURNAL = {Ann. of Math. (2)},
  FJOURNAL = {Annals of Mathematics. Second Series},
    VOLUME = {141},
      YEAR = {1995},
    NUMBER = {2},
     PAGES = {423--441},
      ISSN = {0003-486X},
   MRCLASS = {11N64 (11L20)},
  MRNUMBER = {1324141},
MRREVIEWER = {D. R. Heath-Brown},
       DOI = {10.2307/2118527},
       URL = {https://doi.org/10.2307/2118527},
}

@article{TT21,
  title={Quantitative bounds for {G}owers uniformity of the {M}\"{o}bius and von {M}angoldt functions},
  author={Tao, Terence and Ter{\"a}v{\"a}inen, Joni},
  year={2023},
  journal={J. Eur. Math. Soc.},
  pages={1-64},
}

@misc{MTW24,
  title={Quantitative asymptotics for polynomial patterns in the primes},
  author={Matthiesen, L. and Ter{\"a}v{\"a}inen, Joni and Wang, M.},
  note={arXiv:2405.12190}
}

@misc{FM24,
  title={On the theory of prime producing sieves},
  author={Ford, Kevin and Maynard, James},
  note={arXiv:2407.14368}
}

@misc{Len23b,
  title={Efficient {E}quidistribution of {N}ilsequences},
  author={Leng, James},
  note={arXiv:2312.10772}
}

@misc{BJG-hecke-exposition,
  title={Classical analytic theory of {H}ecke {G}r\"o{\ss}encharaktere},
  author={Green, Ben},
  note={expository paper, in preparation}
}

@misc{Man18,
  title={{Q}uantitative bounds in the inverse theorem for the {G}owers ${U}^{s+1}$-norms over cyclic groups},
  author={Manners, Freddie},
  note={arXiv:1811.00718}
}


@misc{mer2,
  title={On Gaussian primes in sparse sets},
  author={Merikoski, Jori},
  note={arXiv:2302.11331}
}

@misc{he-thesis,
  title={Primes of the form $p^2 + Ny^2$},
  author={He, Xiaoyu},
  note={Harvard Senior Thesis 2016, \url{https://legacy-www.math.harvard.edu/theses/senior/he/he.pdf}}
}


@article {green-tao-linear,
    AUTHOR = {Green, Ben and Tao, Terence},
     TITLE = {Linear equations in primes},
   JOURNAL = {Ann. of Math. (2)},
  FJOURNAL = {Annals of Mathematics. Second Series},
    VOLUME = {171},
      YEAR = {2010},
    NUMBER = {3},
     PAGES = {1753--1850},
      ISSN = {0003-486X,1939-8980},
   MRCLASS = {11N13 (11B30 11P32)},
  MRNUMBER = {2680398},
MRREVIEWER = {Tamar\ Ziegler},
       DOI = {10.4007/annals.2010.171.1753},
       URL = {https://doi.org/10.4007/annals.2010.171.1753},
}

@article {mer1,
    AUTHOR = {Merikoski, Jori},
     TITLE = {The polynomials {$X^2+(Y^2+1)^2$} and {$X^2+(Y^3+Z^3)^2$} also
              capture their primes},
   JOURNAL = {Proc. Lond. Math. Soc. (3)},
  FJOURNAL = {Proceedings of the London Mathematical Society. Third Series},
    VOLUME = {127},
      YEAR = {2023},
    NUMBER = {4},
     PAGES = {1057--1133},
      ISSN = {0024-6115,1460-244X},
   MRCLASS = {11N32 (11N36)},
  MRNUMBER = {4655347},
MRREVIEWER = {A.\ Perelli},
}

@article {kuca,
    AUTHOR = {Kuca, Borys},
     TITLE = {Multidimensional polynomial patterns over finite fields:
              bounds, counting estimates and {G}owers norm control},
   JOURNAL = {Adv. Math.},
  FJOURNAL = {Advances in Mathematics},
    VOLUME = {448},
      YEAR = {2024},
     PAGES = {Paper No. 109700, 61},
      ISSN = {0001-8708,1090-2082},
   MRCLASS = {11B30},
  MRNUMBER = {4741361},
       DOI = {10.1016/j.aim.2024.109700},
       URL = {https://doi.org/10.1016/j.aim.2024.109700},
}

@article {Pel20,
    AUTHOR = {Peluse, Sarah},
     TITLE = {Bounds for sets with no polynomial progressions},
   JOURNAL = {Forum Math. Pi},
  FJOURNAL = {Forum of Mathematics. Pi},
    VOLUME = {8},
      YEAR = {2020},
     PAGES = {e16, 55},
      ISSN = {2050-5086},
   MRCLASS = {11B30 (11B25)},
  MRNUMBER = {4199235},
MRREVIEWER = {Ben\ Joseph\ Green},
       DOI = {10.1017/fmp.2020.11},
       URL = {https://doi.org/10.1017/fmp.2020.11},
}

@article {FI22,
    AUTHOR = {Friedlander, John B. and Iwaniec, Henryk},
     TITLE = {Coordinate distribution of {G}aussian primes},
   JOURNAL = {J. Eur. Math. Soc. (JEMS)},
  FJOURNAL = {Journal of the European Mathematical Society (JEMS)},
    VOLUME = {24},
      YEAR = {2022},
    NUMBER = {3},
     PAGES = {737--772},
      ISSN = {1435-9855},
   MRCLASS = {11N32 (11N36)},
  MRNUMBER = {4397031},
MRREVIEWER = {Karin Halupczok},
       DOI = {10.4171/JEMS/1083},
       URL = {https://doi.org/10.4171/JEMS/1083},
}

@book {IK-book,
    AUTHOR = {Iwaniec, Henryk and Kowalski, Emmanuel},
     TITLE = {Analytic number theory},
    SERIES = {American Mathematical Society Colloquium Publications},
    VOLUME = {53},
 PUBLISHER = {American Mathematical Society, Providence, RI},
      YEAR = {2004},
     PAGES = {xii+615},
      ISBN = {0-8218-3633-1},
   MRCLASS = {11-02 (11Fxx 11Lxx 11Mxx 11Nxx)},
  MRNUMBER = {2061214},
MRREVIEWER = {K.\ Soundararajan},
       DOI = {10.1090/coll/053},
       URL = {https://doi.org/10.1090/coll/053},
}

@article {HB01,
    AUTHOR = {Heath-Brown, D. R.},
     TITLE = {Primes represented by {$x^3+2y^3$}},
   JOURNAL = {Acta Math.},
  FJOURNAL = {Acta Mathematica},
    VOLUME = {186},
      YEAR = {2001},
    NUMBER = {1},
     PAGES = {1--84},
      ISSN = {0001-5962,1871-2509},
   MRCLASS = {11N32 (11N36)},
  MRNUMBER = {1828372},
MRREVIEWER = {G.\ Greaves},
       DOI = {10.1007/BF02392715},
       URL = {https://doi.org/10.1007/BF02392715},
}

@article {tao-ziegler,
    AUTHOR = {Tao, Terence and Ziegler, Tamar},
     TITLE = {Concatenation theorems for anti-{G}owers-uniform functions and
              {H}ost-{K}ra characteristic factors},
   JOURNAL = {Discrete Anal.},
  FJOURNAL = {Discrete Analysis},
      YEAR = {2016},
     PAGES = {Paper No. 13, 60},
      ISSN = {2397-3129},
   MRCLASS = {37A15 (03H05 11B30)},
  MRNUMBER = {3555196},
MRREVIEWER = {Thomas\ Ward},
       DOI = {10.19086/da.850},
       URL = {https://doi.org/10.19086/da.850},
}

@article {heath-brown-vinogradov,
    AUTHOR = {Heath-Brown, D. R.},
     TITLE = {The ternary {G}oldbach problem},
   JOURNAL = {Rev. Mat. Iberoamericana},
  FJOURNAL = {Revista Matem\'atica Iberoamericana},
    VOLUME = {1},
      YEAR = {1985},
    NUMBER = {1},
     PAGES = {45--59},
      ISSN = {0213-2230},
   MRCLASS = {11P32},
  MRNUMBER = {834356},
MRREVIEWER = {R.\ J.\ Cook},
       DOI = {10.4171/RMI/2},
       URL = {https://doi.org/10.4171/RMI/2},
}

@book {harman,
    AUTHOR = {Harman, Glyn},
     TITLE = {Prime-detecting sieves},
    SERIES = {London Mathematical Society Monographs Series},
    VOLUME = {33},
 PUBLISHER = {Princeton University Press, Princeton, NJ},
      YEAR = {2007},
     PAGES = {xvi+362},
      ISBN = {978-0-691-12437-7},
   MRCLASS = {11N36 (11N25 11N35)},
  MRNUMBER = {2331072},
MRREVIEWER = {S.\ W.\ Graham},
}

@article {maynard-norm-forms,
    AUTHOR = {Maynard, James},
     TITLE = {Primes represented by incomplete norm forms},
   JOURNAL = {Forum Math. Pi},
  FJOURNAL = {Forum of Mathematics. Pi},
    VOLUME = {8},
      YEAR = {2020},
     PAGES = {e3, 128},
      ISSN = {2050-5086},
   MRCLASS = {11N05 (11D57 11H55 11N32 11N35)},
  MRNUMBER = {4061964},
MRREVIEWER = {Tsz\ Ho\ Chan},
       DOI = {10.1017/fmp.2019.8},
       URL = {https://doi.org/10.1017/fmp.2019.8},
}

@article {duke-prime-ideals,
    AUTHOR = {Duke, William},
     TITLE = {Some problems in multidimensional analytic number theory},
   JOURNAL = {Acta Arith.},
  FJOURNAL = {Polska Akademia Nauk. Instytut Matematyczny. Acta Arithmetica},
    VOLUME = {52},
      YEAR = {1989},
    NUMBER = {3},
     PAGES = {203--228},
      ISSN = {0065-1036},
   MRCLASS = {11R44 (11N32 11R45)},
  MRNUMBER = {1031335},
MRREVIEWER = {D.\ R.\ Heath-Brown},
       DOI = {10.4064/aa-52-3-203-228},
       URL = {https://doi.org/10.4064/aa-52-3-203-228},
}

@article {weiss,
    AUTHOR = {Weiss, Alfred},
     TITLE = {The least prime ideal},
   JOURNAL = {J. Reine Angew. Math.},
  FJOURNAL = {Journal f\"ur die Reine und Angewandte Mathematik. [Crelle's
              Journal]},
    VOLUME = {338},
      YEAR = {1983},
     PAGES = {56--94},
      ISSN = {0075-4102,1435-5345},
   MRCLASS = {12A75 (10H20 10H32 12A70)},
  MRNUMBER = {684014},
MRREVIEWER = {R.\ W. K. Odoni},
       DOI = {10.1515/crll.1983.338.56},
       URL = {https://doi.org/10.1515/crll.1983.338.56},
}

%Feels insanely wrong to write William here....
@article {gowers-szemeredi,
    AUTHOR = {Gowers, W. T.},
     TITLE = {A new proof of {S}zemer\'edi's theorem},
   JOURNAL = {Geom. Funct. Anal.},
  FJOURNAL = {Geometric and Functional Analysis},
    VOLUME = {11},
      YEAR = {2001},
    NUMBER = {3},
     PAGES = {465--588},
      ISSN = {1016-443X,1420-8970},
   MRCLASS = {11B25 (11K38 11K45)},
  MRNUMBER = {1844079},
MRREVIEWER = {Hillel\ Furstenberg},
       DOI = {10.1007/s00039-001-0332-9},
       URL = {https://doi.org/10.1007/s00039-001-0332-9},
}

@article {huxley,
    AUTHOR = {Huxley, Martin N.},
     TITLE = {The large sieve inequality for algebraic number fields},
   JOURNAL = {Mathematika},
  FJOURNAL = {Mathematika. A Journal of Pure and Applied Mathematics},
    VOLUME = {15},
      YEAR = {1968},
     PAGES = {178--187},
      ISSN = {0025-5793},
   MRCLASS = {10.64},
  MRNUMBER = {237455},
MRREVIEWER = {W.\ G. H. Schaal},
       DOI = {10.1112/S0025579300002540},
       URL = {https://doi.org/10.1112/S0025579300002540},
}

@incollection {bombieri-davenport,
    AUTHOR = {Bombieri, Enrico and Davenport, Harold},
     TITLE = {On the large sieve method},
 BOOKTITLE = {Number {T}heory and {A}nalysis ({P}apers in {H}onor of
              {E}dmund {L}andau)},
     PAGES = {9--22},
 PUBLISHER = {Plenum, New York},
      YEAR = {1969},
   MRCLASS = {10.64},
  MRNUMBER = {260703},
MRREVIEWER = {H.-E.\ Richert},
}

@article {montgomery-vaughan-paper,
    AUTHOR = {Montgomery, Hugh L. and Vaughan, Robert C.},
     TITLE = {Hilbert's inequality},
   JOURNAL = {J. London Math. Soc. (2)},
  FJOURNAL = {Journal of the London Mathematical Society. Second Series},
    VOLUME = {8},
      YEAR = {1974},
     PAGES = {73--82},
      ISSN = {0024-6107,1469-7750},
   MRCLASS = {10C15 (10E25 10H05)},
  MRNUMBER = {337775},
MRREVIEWER = {E.\ Grosswald},
       DOI = {10.1112/jlms/s2-8.1.73},
       URL = {https://doi.org/10.1112/jlms/s2-8.1.73},
}

@article {davenport-halberstam,
    AUTHOR = {Davenport, Harold and Halberstam, Heini},
     TITLE = {The values of a trigonometrical polynomial at well spaced
              points},
   JOURNAL = {Mathematika},
  FJOURNAL = {Mathematika. A Journal of Pure and Applied Mathematics},
    VOLUME = {13},
      YEAR = {1966},
     PAGES = {91--96},
      ISSN = {0025-5793},
   MRCLASS = {10.41 (10.64)},
  MRNUMBER = {197427},
MRREVIEWER = {L.\ Carlitz},
       DOI = {10.1112/S0025579300004277},
       URL = {https://doi.org/10.1112/S0025579300004277},
}

@book {kowalski-ls,
    AUTHOR = {Kowalski, Emmanuel},
     TITLE = {The large sieve and its applications},
    SERIES = {Cambridge Tracts in Mathematics},
    VOLUME = {175},
      NOTE = {Arithmetic geometry, random walks and discrete groups},
 PUBLISHER = {Cambridge University Press, Cambridge},
      YEAR = {2008},
     PAGES = {xxii+293},
      ISBN = {978-0-521-88851-6},
   MRCLASS = {11N35 (11-02 11N36 60G99)},
  MRNUMBER = {2426239},
MRREVIEWER = {Harald\ A.\ Helfgott},
       DOI = {10.1017/CBO9780511542947},
       URL = {https://doi.org/10.1017/CBO9780511542947},
}

@book {MV-book,
    AUTHOR = {Montgomery, Hugh L. and Vaughan, Robert C.},
     TITLE = {Multiplicative number theory. {I}. {C}lassical theory},
    SERIES = {Cambridge Studies in Advanced Mathematics},
    VOLUME = {97},
 PUBLISHER = {Cambridge University Press, Cambridge},
      YEAR = {2007},
     PAGES = {xviii+552},
      ISBN = {978-0-521-84903-6; 0-521-84903-9},
   MRCLASS = {11-02 (11-01 11M06 11M26 11M45 11N05 11N37)},
  MRNUMBER = {2378655},
MRREVIEWER = {Wolfgang\ Schwarz},
}

@book {opera-cribro,
    AUTHOR = {Friedlander, John B. and Iwaniec, Henryk},
     TITLE = {Opera de cribro},
    SERIES = {American Mathematical Society Colloquium Publications},
    VOLUME = {57},
 PUBLISHER = {American Mathematical Society, Providence, RI},
      YEAR = {2010},
     PAGES = {xx+527},
      ISBN = {978-0-8218-4970-5},
   MRCLASS = {11N35 (11-02 11N05 11N13 11N25 11N36)},
  MRNUMBER = {2647984},
MRREVIEWER = {D.\ R.\ Heath-Brown},
       DOI = {10.1090/coll/057},
       URL = {https://doi.org/10.1090/coll/057},
}


@book {koukoulopoulos,
    AUTHOR = {Koukoulopoulos, Dimitris},
     TITLE = {The distribution of prime numbers},
    SERIES = {Graduate Studies in Mathematics},
    VOLUME = {203},
 PUBLISHER = {American Mathematical Society, Providence, RI},
      YEAR = {[2019] \copyright 2019},
     PAGES = {xii + 356},
      ISBN = {978-1-4704-4754-0; 978-1-4704-6285-7},
   MRCLASS = {11N05 (11-01 11M06 11N35 11N60)},
  MRNUMBER = {3971232},
MRREVIEWER = {Y.-F.\ S.\ P\'etermann},
       DOI = {10.1090/gsm/203},
       URL = {https://doi.org/10.1090/gsm/203},
}

@incollection {heilbronn,
    AUTHOR = {Heilbronn, Hans},
     TITLE = {Zeta-functions and {$L$}-functions},
 BOOKTITLE = {Algebraic {N}umber {T}heory ({P}roc. {I}nstructional {C}onf.,
              {B}righton, 1965)},
     PAGES = {204--230},
 PUBLISHER = {Academic Press, London},
      YEAR = {1967},
   MRCLASS = {10.65},
  MRNUMBER = {218327},
MRREVIEWER = {W.\ G. H. Schaal},
}

@book {iwaniec-classical-automorphic-forms,
    AUTHOR = {Iwaniec, Henryk},
     TITLE = {Topics in classical automorphic forms},
    SERIES = {Graduate Studies in Mathematics},
    VOLUME = {17},
 PUBLISHER = {American Mathematical Society, Providence, RI},
      YEAR = {1997},
     PAGES = {xii+259},
      ISBN = {0-8218-0777-3},
   MRCLASS = {11Fxx (11-02)},
  MRNUMBER = {1474964},
MRREVIEWER = {B.\ Ramakrishnan},
       DOI = {10.1090/gsm/017},
       URL = {https://doi.org/10.1090/gsm/017},
}